@online{FedoraSecGuide,
	author = {Johnray Fuller and John Ha and David O'Brien and Scott Radvan and Eric Christensen and Adam Ligas and Murray McAllister and Scott Radvan and Daniel Walsh and Dominick Grift and Eric Paris and James Morris},
	title = {{Security Guide} A Guide to Securing Fedora Linux},
	year = {2015},
	url = {https://docs.fedoraproject.org/en-US/Fedora/19/html/Security_Guide/},
	urldate = {2016-01-08},
}
